<record><leader>00000cas a22000007a 4500</leader><controlfield tag="001">33859197</controlfield><controlfield tag="008">951206d1986199ugauwr ne      0   a0eng c</controlfield><datafield ind1=" " ind2=" " tag="010"><subfield code="a">sn 95003652 </subfield><subfield code="z">sn 91074173 </subfield></datafield><datafield ind1=" " ind2=" " tag="040"><subfield code="a">NSD</subfield><subfield code="b">eng</subfield><subfield code="c">NSD</subfield><subfield code="d">OCLCQ</subfield><subfield code="d">GUA</subfield><subfield code="d">OCLCO</subfield><subfield code="d">OCLCF</subfield><subfield code="d">OCLCO</subfield><subfield code="d">OCLCQ</subfield></datafield><datafield ind1=" " ind2=" " tag="012"><subfield code="l">1</subfield></datafield><datafield ind1=" " ind2=" " tag="019"><subfield code="a">32525663</subfield></datafield><datafield ind1="1" ind2=" " tag="022"><subfield code="a">1086-2293</subfield><subfield code="l">1086-2293</subfield><subfield code="2">1</subfield></datafield><datafield ind1=" " ind2=" " tag="042"><subfield code="a">nsdp</subfield><subfield code="a">pcc</subfield></datafield><datafield ind1=" " ind2=" " tag="043"><subfield code="a">n-us-ga</subfield></datafield><datafield ind1=" " ind2="0" tag="222"><subfield code="a">Fort Valley herald</subfield></datafield><datafield ind1="0" ind2="0" tag="245"><subfield code="a">Fort Valley herald.</subfield></datafield><datafield ind1="1" ind2=" " tag="246"><subfield code="a">Middle Georgia tribune/Fort Valley herald</subfield></datafield><datafield ind1="1" ind2=" " tag="246"><subfield code="a">FVH</subfield></datafield><datafield ind1=" " ind2=" " tag="260"><subfield code="a">Savannah, Ga. :</subfield><subfield code="b">Atlantic Communications of Georgia, Inc.</subfield></datafield><datafield ind1=" " ind2=" " tag="300"><subfield code="a">volumes</subfield></datafield><datafield ind1=" " ind2=" " tag="310"><subfield code="a">Weekly</subfield></datafield><datafield ind1=" " ind2=" " tag="336"><subfield code="a">text</subfield><subfield code="b">txt</subfield><subfield code="2">rdacontent</subfield></datafield><datafield ind1=" " ind2=" " tag="337"><subfield code="a">unmediated</subfield><subfield code="b">n</subfield><subfield code="2">rdamedia</subfield></datafield><datafield ind1=" " ind2=" " tag="338"><subfield code="a">volume</subfield><subfield code="b">nc</subfield><subfield code="2">rdacarrier</subfield></datafield><datafield ind1="1" ind2=" " tag="362"><subfield code="a">Began in 1986.</subfield></datafield><datafield ind1=" " ind2=" " tag="530"><subfield code="a">Also on microfilm: Athens, Ga. : University of Georgia Libraries.</subfield></datafield><datafield ind1=" " ind2=" " tag="580"><subfield code="a">Many issues combined with the Savannah tribune (Savannah, Ga. : 1973), Nov. 29, 1989-&lt;July 8-15, 1998&gt;; absorbed by that title sometime after that.</subfield></datafield><datafield ind1=" " ind2=" " tag="588"><subfield code="a">Description based on: Vol. 6, no. 1 (Sept. 25-Oct. 2, 1991).</subfield></datafield><datafield ind1=" " ind2=" " tag="588"><subfield code="a">Latest issue consulted: Vol. 8, no. 21 (Dec. 22-29, 1993).</subfield></datafield><datafield ind1=" " ind2="0" tag="650"><subfield code="a">African Americans</subfield><subfield code="z">Georgia</subfield><subfield code="z">Fort Valley</subfield><subfield code="v">Newspapers.</subfield></datafield><datafield ind1=" " ind2="0" tag="651"><subfield code="a">Fort Valley (Ga.)</subfield><subfield code="v">Newspapers.</subfield></datafield><datafield ind1=" " ind2="7" tag="650"><subfield code="a">African Americans.</subfield><subfield code="2">fast</subfield><subfield code="0">(OCoLC)fst00799558</subfield></datafield><datafield ind1=" " ind2="7" tag="651"><subfield code="a">Georgia</subfield><subfield code="z">Fort Valley.</subfield><subfield code="2">fast</subfield><subfield code="0">(OCoLC)fst01226932</subfield></datafield><datafield ind1=" " ind2="7" tag="655"><subfield code="a">Newspapers.</subfield><subfield code="2">fast</subfield><subfield code="0">(OCoLC)fst01423814</subfield></datafield><datafield ind1=" " ind2=" " tag="752"><subfield code="a">United States</subfield><subfield code="b">Georgia</subfield><subfield code="c">Peach</subfield><subfield code="d">Fort Valley.</subfield></datafield><datafield ind1="0" ind2="5" tag="780"><subfield code="t">Middle Georgia tribune</subfield></datafield><datafield ind1="1" ind2="4" tag="785"><subfield code="t">Savannah tribune (Savannah, Ga. : 1973)</subfield><subfield code="w">(DLC)sn 91074131</subfield><subfield code="w">(OCoLC)25433402</subfield></datafield><datafield ind1="1" ind2=" " tag="029"><subfield code="a">AU@</subfield><subfield code="b">000011736250</subfield></datafield></record>